<?xml version="1.0" encoding="UTF-8"?><collection xmlns="http://www.loc.gov/MARC21/slim"><record><leader>00344nam--2200133-i-4500</leader><controlfield tag="001">000038069</controlfield><controlfield tag="002">20161230</controlfield><controlfield tag="005">20170127130859</controlfield><controlfield tag="008">060222s1000------------r-----000-0-eng-d</controlfield><datafield ind1=" " ind2=" " tag="245"><subfield code="a">Reactor handbook. Vol. 4: Engineering</subfield></datafield><datafield ind1=" " ind2=" " tag="260"><subfield code="a">New York</subfield><subfield code="b">Interscience</subfield><subfield code="c">1960-1964</subfield></datafield><datafield ind1=" " ind2=" " tag="700"><subfield code="a">McLain, Stuart</subfield></datafield><datafield ind1=" " ind2=" " tag="852"><subfield code="a">15818</subfield></datafield><datafield ind1=" " ind2=" " tag="CAT"><subfield code="a">SYS</subfield><subfield code="c">20170127</subfield><subfield code="h">130859</subfield></datafield></record></collection>